@String{ efmj = "Emir Mu{\~n}oz Jim{\'e}nez" }

@InProceedings{ HartmannLink:2007,
	author = "Sven Hartmann and Sebastian Link",
	title = "{Numerical Constraints for XML}",
	booktitle = "WoLLIC",
	year = "2007",
	pages = "203--217",
	ee = "http://dx.doi.org/10.1007/978-3-540-73445-1\\\\\\\\\\\\\\\\\\\\\\\\\\\\\\\\\\\\\\\\\\\\\\\\\\\\\\\\\\\\\\\\\\\\\\\\\\\\\\\\\\\\\\\\\\\\\\\\\\\\\\\\\\\\\\\\\\\\\\\\\\\_15",
	crossref = "DBLP:conf/wollic/2007"
}

@InProceedings{ Fan:2005,
	author = "Wenfei Fan",
	title = "{XML Constraints: Specification, Analysis, and Applications}",
	booktitle = "DEXA Workshops",
	year = "2005",
	pages = "805--809",
	ee = "http://dx.doi.org/10.1109/DEXA.2005.204",
	crossref = "DBLP:conf/dexaw/2005",
	bibsource = "DBLP, http://dblp.uni-trier.de"
}

@InProceedings{ Hartmann:2006,
	author = "Sven Hartmann and Thu Trinh",
	title = "{Axiomatising Functional Dependencies for XML with Frequencies}",
	booktitle = "FoIKS",
	year = "2006",
	pages = "159--178",
	ee = "http://dx.doi.org/10.1007/11663881\\\\\\\\\\\\\\\\\\\\\\\\\\\\\\\\\\\\\\\\\\\\\\\\\\\\\\\\\\\\\\\\\\\\\\\\\\\\\\\\\\\\\\\\\\\\\\\\\\\\\\\\\\\\\\\\\\\\\\\\\\\_10",
	crossref = "DBLP:conf/foiks/2006",
	bibsource = "DBLP, http://dblp.uni-trier.de"
}

@InProceedings{ Bouchou:2003,
	author = "B{\'e}atrice Bouchou and Mirian Halfeld Ferrari Alves and Martin A. Musicante",
	title = "{Tree Automata to Verify XML Key Constraints}",
	booktitle = "WebDB",
	year = "2003",
	pages = "37--42",
	ee = "http://www.cse.ogi.edu/webdb03/papers/07.pdf",
	crossref = "DBLP:conf/webdb/2003",
	bibsource = "DBLP, http://dblp.uni-trier.de"
}

@InProceedings{ Chomicki:2007,
	author = "Jan Chomicki",
	title = "{Consistent Query Answering: Five Easy Pieces}",
	booktitle = "ICDT",
	year = "2007",
	pages = "1--17",
	ee = "http://dx.doi.org/10.1007/11965893\\\\\\\\\\\\\\\\\\\\\\\\\\\\\\_1",
	crossref = "DBLP:conf/icdt/2007",
	bibsource = "DBLP, http://dblp.uni-trier.de"
}

@Article{ Codd:1983,
	author = "E. F. Codd",
	title = "{A relational model of data for large shared data banks}",
	journal = "Commun. ACM",
	volume = "26",
	number = "1",
	year = "1983",
	issn = "0001-0782",
	pages = "64--69",
	doi = "http://doi.acm.org/10.1145/357980.358007",
	publisher = "ACM",
	address = "New York, NY, USA"
}

@Article{ Codd:1970,
	author = "E. F. Codd",
	title = "{A Relational Model of Data for Large Shared Data Banks}",
	journal = "Commun. ACM",
	volume = "13",
	number = "6",
	year = "1970",
	pages = "377--387",
	ee = "db/journals/cacm/Codd70.html, http://doi.acm.org/10.1145/362384.362685",
	bibsource = "DBLP, http://dblp.uni-trier.de"
}

@Book{ Abiteboul:1995,
	title = "{Foundations of Databases: The Logical Level}",
	author = "Serge Abiteboul and Richard Hull and Victor Vianu",
	publisher = "Addison-Wesley Longman Publishing Co., Inc.",
	address = "Boston, MA, USA",
	edition = "1st",
	year = "1995",
	isbn = "0201537710"
}

@PhDThesis{ Arenas:2005,
	author = "Marcelo Arenas",
	title = "{Design Principles for XML Data}",
	year = "2005",
	school = "Universidad de Toronto",
	address = "Toronto, Canada"
}

@Book{ Flum:1999,
	author = "H. D. Ebbinghaus and J. Flum",
	title = "{Finite Model Theory}",
	year = "1999",
	publisher = "{Spinger-Verlag} Berlin Heidelberg",
	edition = "2nd",
	address = "New York, Estados Unidos"
}

@InProceedings{ Gottlob:2002,
	author = "G. Gottlob and C. Koch and R. Pichler",
	title = "{Efficient algorithms for processing XPath queries}",
	year = "2002",
	pages = "",
	booktitle = "Proceeding {VLDB'02}"
}

@Article{ HartmannLink:2009,
	author = "Sven Hartmann and Sebastian Link",
	title = "{Efficient Reasoning about a Robust XML Key Fragment}",
	journal = "ACM Trans. Database Syst.",
	volume = "34",
	number = "2",
	year = "2009"
}

@Book{ Libkin:2004,
	author = "Leonid Libkin",
	title = "{Elements of Finite Model Theory}",
	year = "2004",
	publisher = "{Spinger-Verlag} Berlin Heidelberg",
	edition = "1st",
	address = "New York, Estados Unidos"
}

@Article{ Buneman:2002,
	author = "Peter Buneman and Susan B. Davidson and Wenfei Fan and Carmem S. Hara and Wang Chiew Tan",
	title = "{Keys for XML}",
	journal = "Computer Networks",
	volume = "39",
	number = "5",
	year = "2002",
	pages = "473--487",
	ee = "http://dx.doi.org/10.1016/S1389-1286(02)00223-2"
}

@InProceedings{ HartmannLink:2009:2,
	author = "Sven Hartmann and Sebastian Link",
	title = "{Expressive, yet tractable XML keys}",
	booktitle = "EDBT '09: Proceedings of the 12th International Conference on Extending Database Technology",
	year = "2009",
	isbn = "978-1-60558-422-5",
	pages = "357--367",
	location = "Saint Petersburg, Russia",
	doi = "http://doi.acm.org/10.1145/1516360.1516402",
	publisher = "ACM",
	address = "New York, NY, USA"
}

@Proceedings{ DBLP:conf/wollic/2007,
	editor = "Daniel Leivant and Ruy J. G. B. {de Queiroz}",
	title = "Logic, Language, Information and Computation, 14th International Workshop, WoLLIC 2007, Rio de Janeiro, Brazil, July 2-5, 2007, Proceedings",
	booktitle = "WoLLIC",
	publisher = "Springer",
	series = "Lecture Notes in Computer Science",
	volume = "4576",
	year = "2007",
	isbn = "978-3-540-73443-7"
}

@Article{ Buneman:2003,
	author = "Peter Buneman and Susan B. Davidson and Wenfei Fan and Carmem S. Hara and Wang Chiew Tan",
	title = "{Reasoning about keys for XML}",
	journal = "Inf. Syst.",
	volume = "28",
	number = "8",
	year = "2003",
	pages = "1037--1063",
	bibsource = "DBLP, http://dblp.uni-trier.de",
	ee = "http://dx.doi.org/10.1016/S0306-4379(03)00028-0"
}

@Book{ Baeza:1999,
	author = "Ricardo Baeza-Yates and Berthier Ribeiro-Neto",
	title = "{Modern Information Retrieval}",
	publisher = "Addison Wesley",
	year = "1999",
	day = "15",
	edition = "1st",
	howpublished = "Paperback",
	isbn = "020139829X",
	keywords = "datamining, hypertext, indexing, information\_retrieval, metadata, search",
	month = "May",
	priority = "2"
}

@Proceedings{ DBLP:conf/dexaw/2005,
	title = "16th International Workshop on Database and Expert Systems Applications (DEXA 2005), 22-26 August 2005, Copenhagen, Denmark",
	booktitle = "DEXA Workshops",
	publisher = "IEEE Computer Society",
	year = "2005",
	isbn = "0-7695-2424-9",
	bibsource = "DBLP, http://dblp.uni-trier.de"
}

@Book{ Gutierrez:2009,
	author = "Claudio Gutierrez and Marcelo Arenas and Ricardo Baeza-Yates and Carlos Hurtado and Mauricio Mar{\'i}n and Gonzalo Navarro and Jos{\'e} Piquer and Mar{\'i}a Rodriguez and Javier Ruiz-del-Solar and Javier Velasco",
	title = "{C{\'o}mo funciona la Web}",
	year = "2009",
	publisher = "Centro de Investigaci{\'o}n de la Web",
	edition = "1st",
	address = "Santiago, Chile"
}

@Book{ Jungnickel:2007,
	author = "Dieter Jungnickel",
	title = "{Graphs, Networks and Algorithms}",
	year = "2007",
	isbn = "3540727795, 9783540727798",
	publisher = "Springer Publishing Company, Incorporated"
}

@Article{ Suciu:2001,
	author = "Dan Suciu",
	title = "{On database theory and XML}",
	journal = "SIGMOD Rec.",
	volume = "30",
	number = "3",
	year = "2001",
	issn = "0163-5808",
	pages = "39--45",
	doi = "http://doi.acm.org/10.1145/603867.603874",
	publisher = "ACM",
	address = "New York, NY, USA"
}

@InProceedings{ Vianu:2003,
	author = "Victor Vianu",
	title = "{A Web odyssey: from codd to XML}",
	journal = "SIGMOD Record",
	volume = "32",
	number = "2",
	year = "2003",
	pages = "68--77",
	ee = "http://doi.acm.org/10.1145/776985.776999",
	bibsource = "DBLP, http://dblp.uni-trier.de"
}

@Article{ Widom:1999,
	author = "Jennifer Widom",
	title = "{Data Management for XML: Research Directions}",
	journal = "IEEE Data Engineering Bulletin",
	year = "1999",
	volume = "22",
	pages = "44--52"
}

@Misc{ XPath:1999,
	author = "J. Clark and S. DeRose",
	title = "{XML Path Language (XPath)}",
	howpublished = "\url{http://www.w3.org/TR/xpath}",
	year = "1999",
	note = "Extra{\'i}do el 21 de Marzo de 2010",
	organisation = "W3C"
}

@Misc{ XML:2006,
	author = "T. Bray and J. Paoli and C.M. Sperberg-Queen and E. Maler and F. Yergeau",
	title = "{eXtensible Markup Language (XML)}",
	howpublished = "\url{http://www.w3.org/TR/2006/REC-xml-20060816/}",
	year = "2006",
	note = "Extra{\'i}do el 21 de Marzo de 2010",
	organisation = "W3C"
}

@Misc{ HTML:1999,
	author = "Dave Raggett and Arnaud Le Hors and Ian Jacobs",
	title = "{HTML 4.01 Specification}",
	howpublished = "\url{http://html.conclase.com/w3c/html401-es/cover.html/}",
	year = "1999",
	note = "Extra{\'i}do el 28 de mayo de 2010",
	organisation = "W3C"
}

@Misc{ DTD,
	autor = "W3C School, Copyright 1999-2010 by Refsnes Data.",
	title = "{Introduction to DTD}",
	howpublished = "\url{http://www.w3schools.com/dtd/dtd_intro.asp}",
	note = "Extra{\'i}do el 19 de mayo de 2010"
}

@InProceedings{ Codd:1974,
	author = "E. F. Codd",
	title = "{Recent Investigations in Relational Data Base Systems}",
	booktitle = "IFIP Congress",
	year = "1974",
	pages = "1017--1021",
	ee = "db/conf/ifip/Codd74.html",
	bibsource = "DBLP, http://dblp.uni-trier.de"
}

@InProceedings{ Codd:1975,
	author = "E. F. Codd",
	title = "{Recent Investigations in Relational Data Base Systems}",
	booktitle = "ACM Pacific",
	year = "1975",
	pages = "15--20",
	ee = "db/conf/pacific/Codd75.html",
	bibsource = "DBLP, http://dblp.uni-trier.de"
}

@InProceedings{ HartmannLink:2007:2,
	author = "Sven Hartmann and Sebastian Link",
	title = "{XML Query Optimisation: Specify your Selectivity}",
	booktitle = "DEXA '07: Proceedings of the 18th International Conference on Database and Expert Systems Applications",
	year = "2007",
	isbn = "0-7695-2932-1",
	pages = "30--34",
	doi = "http://dx.doi.org/10.1109/DEXA.2007.176",
	publisher = "IEEE Computer Society",
	address = "Washington, DC, USA"
}

@InProceedings{ Yu:2004,
	author = "Cong Yu and Lucian Popa",
	title = "{Constraint-based XML query rewriting for data integration}",
	booktitle = "SIGMOD '04: Proceedings of the 2004 ACM SIGMOD international conference on Management of data",
	year = "2004",
	isbn = "1-58113-859-8",
	pages = "371--382",
	location = "Paris, France",
	doi = "http://doi.acm.org/10.1145/1007568.1007611",
	publisher = "ACM",
	address = "New York, NY, USA"
}

@Article{ Neven:2002,
	author = "Frank Neven",
	title = "{Automata theory for XML researchers}",
	journal = "SIGMOD Rec.",
	volume = "31",
	number = "3",
	year = "2002",
	issn = "0163-5808",
	pages = "39--46",
	doi = "http://doi.acm.org/10.1145/601858.601869",
	publisher = "ACM",
	address = "New York, NY, USA"
}

@Misc{ Buneman:1998,
	author = "Peter Buneman and Wenfei Fan and Scott Weinstein",
	title = "{Path Constraints on Semistructured and Structured Data}",
	year = "1998"
}

@InProceedings{ Popa:2000,
	author = "Lucian Popa and Alin Deutsch and Arnaud Sahuguet and Val Tannen",
	title = "{A chase too far?}",
	booktitle = "SIGMOD '00: Proceedings of the 2000 ACM SIGMOD international conference on Management of data",
	year = "2000",
	isbn = "1-58113-217-4",
	pages = "273--284",
	location = "Dallas, Texas, United States",
	doi = "http://doi.acm.org/10.1145/342009.335421",
	publisher = "ACM",
	address = "New York, NY, USA"
}

@InProceedings{ Paulley:1994,
	author = "G. N. Paulley and {Per-{\AA}ke} Larson",
	title = "{Exploiting Uniqueness in Query Optimization}",
	booktitle = "ICDE",
	year = "1994",
	pages = "68--79",
	ee = "db/conf/icde/PaulleyL94.html",
	bibsource = "DBLP, http://dblp.uni-trier.de",
	isbn = "0-8186-5400-7",
	publisher = "IEEE Computer Society"
}

@Article{ Buneman:2000,
	author = "Peter Buneman and Wenfei Fan and Scott Weinstein",
	title = "{Path Constraints in Semistructured Databases}",
	journal = "J. Comput. Syst. Sci.",
	volume = "61",
	number = "2",
	year = "2000",
	pages = "146--193",
	bibsource = "DBLP, http://dblp.uni-trier.de"
}

@Article{ Buneman:2001,
	author = "Peter Buneman and Wenfei Fan and J{\'e}r{\^o}me Sim{\'e}on and Scott Weinstein",
	title = "{Constraints for Semi-structured Data and XML}",
	journal = "SIGMOD Record",
	volume = "30",
	number = "1",
	year = "2001",
	pages = "47--45",
	ee = "http://doi.acm.org/10.1145/373626.373697, http://www.acm.org/sigmod/record/issues/0103/Leonid-DP.pdf",
	bibsource = "DBLP, http://dblp.uni-trier.de"
}

@Article{ Fan:2002,
	author = "Wenfei Fan and Leonid Libkin",
	title = "{On XML integrity constraints in the presence of DTDs}",
	journal = "J. ACM",
	volume = "49",
	number = "3",
	year = "2002",
	pages = "368--406",
	ee = "http://doi.acm.org/10.1145/567112.567117",
	bibsource = "DBLP, http://dblp.uni-trier.de"
}

@Article{ Fan:2003,
	author = "Wenfei Fan and J{\'e}r{\^o}me Sim{\'e}on",
	title = "{Integrity constraints for XML}",
	journal = "J. Comput. Syst. Sci.",
	volume = "66",
	number = "1",
	year = "2003",
	pages = "254--291",
	ee = "http://dx.doi.org/10.1016/S0022-0000(02)00032-6",
	bibsource = "DBLP, http://dblp.uni-trier.de"
}

@Article{ Arenas:2004,
	author = "Marcelo Arenas and Leonid Libkin",
	title = "{A normal form for XML documents}",
	journal = "ACM Trans. Database Syst.",
	volume = "29",
	year = "2004",
	pages = "195--232",
	ee = "http://doi.acm.org/10.1145/974750.974757",
	bibsource = "DBLP, http://dblp.uni-trier.de"
}

@Proceedings{ DBLP:conf/foiks/2006,
	editor = {J{\"u}rgen Dix and Stephen J. Hegner},
	title = "{Foundations of Information and Knowledge Systems, 4th International Symposium, FoIKS 2006, Budapest, Hungary, February 14-17, 2006, Proceedings}",
	booktitle = "FoIKS",
	publisher = "Springer",
	series = "Lecture Notes in Computer Science",
	volume = "3861",
	year = "2006",
	isbn = "3-540-31782-1",
	bibsource = "DBLP, http://dblp.uni-trier.de"
}

@Article{ Vincent:2004,
	author = "Millist W. Vincent and Jixue Liu and Chengfei Liu",
	title = "{Strong functional dependencies and their application to normal forms in XML}",
	journal = "ACM Trans. Database Syst.",
	volume = "29",
	number = "3",
	year = "2004",
	pages = "445--462",
	ee = "http://doi.acm.org/10.1145/1016028.1016029",
	bibsource = "DBLP, http://dblp.uni-trier.de"
}

@InProceedings{ Rassadko:2007,
	author = "Nataliya Rassadko",
	title = "{Query rewriting algorithm evaluation for XML security views}",
	booktitle = "SDM'07: Proceedings of the 4th VLDB conference on Secure data management",
	year = "2007",
	isbn = "3-540-75247-1, 978-3-540-75247-9",
	pages = "64--80",
	location = "Vienna, Austria",
	publisher = "Springer-Verlag",
	address = "Berlin, Heidelberg"
}

@InProceedings{ Yao:2004,
	author = "J. T. Yao and M. Zhang",
	title = "{A Fast Tree Pattern Matching Algorithm for XML Query}",
	booktitle = "WI '04: Proceedings of the 2004 IEEE/WIC/ACM International Conference on Web Intelligence",
	year = "2004",
	isbn = "0-7695-2100-2",
	pages = "235--241",
	doi = "http://dx.doi.org/10.1109/WI.2004.2",
	publisher = "IEEE Computer Society",
	address = "Washington, DC, USA"
}

@InProceedings{ El-Tazi:2009,
	author = "Neamat El-Tazi and H. V. Jagadish",
	title = "{BPI-TWIG: XML Twig Query Evaluation}",
	booktitle = "XSym '09: Proceedings of the 6th International XML Database Symposium on Database and XML Technologies",
	year = "2009",
	isbn = "978-3-642-03554-8",
	pages = "17--24",
	location = "Lyon, France",
	doi = "http://dx.doi.org/10.1007/978-3-642-03555-5\\\\\\\\\\\\\\\\\\\\\\\\\\\\\\\\\\\\\\\\\\\\\\\\\\\\\\\\\\\\\\\\\\\\\\\\\\\\\\\\\\\\\\\\\\\\\\\\\\\\\\\\\\\\\\\\\\\\\\\\\\\_2",
	publisher = "Springer-Verlag",
	address = "Berlin, Heidelberg"
}

@Misc{ DBLP,
	author = "Michael Ley",
	year = "2010",
	title = "{The DBLP Computer Science Bibliography}",
	howpublished = "\url{http://dblp.uni-trier.de/}",
	note = "Extra{\'i}do el 10 de junio de 2010"
}

@Article{ Che:2006,
	author = {Dunren Che and Karl Aberer and Tamer {\"O}zsu},
	title = "{Query optimization in XML structured-document databases}",
	journal = "The VLDB Journal",
	volume = "15",
	number = "3",
	year = "2006",
	issn = "1066-8888",
	pages = "263--289",
	doi = "http://dx.doi.org/10.1007/s00778-005-0172-6",
	publisher = "Springer-Verlag New York, Inc.",
	address = "Secaucus, NJ, USA"
}

@InProceedings{ Brantner:2006,
	author = "Matthias Brantner and Carl-Christian Kanne and Guido Moerkotte and Sven Helmer",
	title = "{Algebraic Optimization of Nested XPath Expressions}",
	booktitle = "ICDE '06: Proceedings of the 22nd International Conference on Data Engineering",
	year = "2006",
	isbn = "0-7695-2570-9",
	pages = "128",
	doi = "http://dx.doi.org/10.1109/ICDE.2006.15",
	publisher = "IEEE Computer Society",
	address = "Washington, DC, USA"
}

@Article{ Deutsch:2006,
	author = "Alin Deutsch and Lucian Popa and Val Tannen",
	title = "{Query reformulation with constraints}",
	journal = "SIGMOD Rec.",
	volume = "35",
	number = "1",
	year = "2006",
	issn = "0163-5808",
	pages = "65--73",
	doi = "http://doi.acm.org/10.1145/1121995.1122010",
	publisher = "ACM",
	address = "New York, NY, USA"
}

@InProceedings{ Essid:2006,
	author = "Mehdi Essid and Omar Boucelma and St{\'e}phane Bressan",
	title = "{Answering Queries in the Presence of XML Keys}",
	booktitle = "DEXA '06: Proceedings of the 17th International Conference on Database and Expert Systems Applications",
	year = "2006",
	isbn = "0-7695-2641-1",
	pages = "476--481",
	doi = "http://dx.doi.org/10.1109/DEXA.2006.28",
	publisher = "IEEE Computer Society",
	address = "Washington, DC, USA"
}

@InProceedings{ Chaudhuri:1998,
	author = "Surajit Chaudhuri",
	title = "{An overview of query optimization in relational systems}",
	booktitle = "PODS '98: Proceedings of the seventeenth ACM SIGACT-SIGMOD-SIGART symposium on Principles of database systems",
	year = "1998",
	isbn = "0-89791-996-3",
	pages = "34--43",
	location = "Seattle, Washington, United States",
	doi = "http://doi.acm.org/10.1145/275487.275492",
	publisher = "ACM",
	address = "New York, NY, USA"
}

@Article{ Buneman:1996,
	author = "Peter Buneman and Susan Davidson and Gerd Hillebrand and Dan Suciu",
	title = "{A query language and optimization techniques for unstructured data}",
	journal = "SIGMOD Rec.",
	volume = "25",
	number = "2",
	year = "1996",
	issn = "0163-5808",
	pages = "505--516",
	doi = "http://doi.acm.org/10.1145/235968.233368",
	publisher = "ACM",
	address = "New York, NY, USA"
}

@Book{ ManningRaghavan:2008,
	author = {Christopher D. Manning and Prabhakar Raghavan and Hinrich Sch{\"u}tze},
	publisher = "Cambridge University Press",
	title = "{Introduction to Information Retrieval}",
	url = "http://www-csli.stanford.edu/~hinrich/information-retrieval-book.html",
	year = "2008",
	keywords = "information\_retrieval searchengines"
}

@Article{ Essid:2006,
	author = "Mehdi Essid and Omar Boucelma and St?ephane Bressan",
	title = "{Answering Queries in the Presence of XML Keys}",
	journal = "Database and Expert Systems Applications, International Workshop on",
	volume = "0",
	issn = "1529-4188",
	year = "2006",
	pages = "476--481",
	doi = "http://doi.ieeecomputersociety.org/10.1109/DEXA.2006.28",
	publisher = "IEEE Computer Society",
	address = "Los Alamitos, CA, USA"
}

@InCollection{ Ferrarotti:2010,
	author = "Flavio Ferrarotti and Sven Hartmann and Sebastian Link and Jing Wang",
	affiliation = "Victoria University of Wellington, New Zealand",
	title = "{Promoting the Semantic Capability of XML Keys}",
	booktitle = "Database and XML Technologies",
	series = "Lecture Notes in Computer Science",
	editor = "Mong Lee and Jeffrey Yu and Zohra Bellahs{\`e}ne and Rainer Unland",
	publisher = "Springer Berlin / Heidelberg",
	isbn = "",
	pages = "144--153",
	volume = "6309",
	url = "http://dx.doi.org/10.1007/978-3-642-15684-7_12",
	note = "10.1007/978-3-642-15684-7\_12",
	year = "2010"
}

@InCollection{ HartmannLink:2007:3,
	author = "Sven Hartmann and Sebastian Link",
	affiliation = "Information Science Research Centre, Massey University New Zealand",
	title = "{Unlocking Keys for XML Trees}",
	booktitle = "Database Theory -- ICDT 2007",
	series = "Lecture Notes in Computer Science",
	editor = "Thomas Schwentick and Dan Suciu",
	publisher = "Springer Berlin / Heidelberg",
	isbn = "",
	pages = "104--118",
	volume = "4353",
	url = "http://dx.doi.org/10.1007/11965893_8",
	note = "10.1007/11965893\_8",
	year = "2007"
}

@Misc{ DOM:1998,
	author = "Vidur Apparao and Steve Byrne and Mike Champion and Scott Isaacs and Arnaud Le Hors and Gavin Nicol and Jonathan Robie and Peter Sharpe and Bill Smith and Jared Sorensen and Robert Sutor and Ray Whitmer and Chris Wilson",
	title = "{Document object model (DOM) level 1 specification}",
	howpublished = "\url{http://www.w3.org/TR/REC-DOM-Level-1/}",
	year = "1998",
	note = "Extra{\'i}do el 19 de Octubre de 2010",
	organisation = "World Wide Web Consortium"
}

@Book{ Goldfarb:1991,
	author = "Charles F. Goldfarb",
	title = "{The SGML handbook}",
	year = "1990",
	isbn = "0-10-853737-9",
	publisher = "Oxford University Press, Inc.",
	address = "New York, NY, USA"
}

@Misc{ XMLSchema:2000,
	author = "C. M. Sperberg-McQueen and Henry Thompson",
	title = "{XML Schema}",
	howpublished = "\url{http://www.w3.org/XML/Schema}",
	year = "2000",
	note = "Extra{\'i}do el 19 de Octubre de 2010",
	organisation = "World Wide Web Consortium"
}

@Misc{ XMLSchema:2004,
	author = "Henry Thompson and David Beech and Murray Maloney and Noah Mendelsohn",
	title = "{XML Schema Part 1: Structures Second Edition}",
	howpublished = "\url{http://www.w3.org/TR/2004/REC-xmlschema-1-20041028}",
	year = "2004",
	month = "October",
	note = "Extra{\'i}do el 19 de Octubre de 2010",
	organisation = "World Wide Web Consortium"
}

@InProceedings{ Armstrong:1974,
	author = "William Ward Armstrong",
	title = "{Dependency Structures of Data Base Relationships}",
	booktitle = "IFIP Congress",
	year = "1974",
	pages = "580--583",
	bibsource = "DBLP, http://dblp.uni-trier.de"
}

@InProceedings{ Gupta:1994,
	author = "Ashish Gupta and Yehoshua Sagiv and Jeffrey D. Ullman and Jennifer Widom",
	title = "{Constraint checking with partial information}",
	booktitle = "Proceedings of the thirteenth ACM SIGACT-SIGMOD-SIGART symposium on Principles of database systems",
	series = "PODS '94",
	year = "1994",
	isbn = "0-89791-642-5",
	location = "Minneapolis, Minnesota, United States",
	pages = "45--55",
	numpages = "11",
	url = "http://doi.acm.org/10.1145/182591.182597",
	doi = "http://doi.acm.org/10.1145/182591.182597",
	acmid = "182597",
	publisher = "ACM",
	address = "New York, NY, USA"
}

@Article{ Maier:1980,
	author = "David Maier",
	title = "{Minimum Covers in the Relational Database Model}",
	journal = "J. ACM",
	volume = "27",
	issue = "4",
	month = "October",
	year = "1980",
	issn = "0004-5411",
	pages = "664--674",
	numpages = "11",
	url = "http://doi.acm.org/10.1145/322217.322223",
	doi = "http://doi.acm.org/10.1145/322217.322223",
	acmid = "322223",
	publisher = "ACM",
	address = "New York, NY, USA"
}

@Article{ Bernstein:1976,
	author = "Philip A. Bernstein",
	title = "{Synthesizing third normal form relations from functional dependencies}",
	journal = "ACM Trans. Database Syst.",
	volume = "1",
	issue = "4",
	month = "December",
	year = "1976",
	issn = "0362-5915",
	pages = "277--298",
	numpages = "22",
	url = "http://doi.acm.org/10.1145/320493.320489",
	doi = "http://doi.acm.org/10.1145/320493.320489",
	acmid = "320489",
	publisher = "ACM",
	address = "New York, NY, USA",
	keywords = "database schema, functional dependency, relational model, semantics of data, third normal form"
}

@InProceedings{ Chen:2002,
	author = "Yi Chen and Susan B. Davidson and Yifeng Zheng",
	title = "{XKvalidator: A Constraint Validator For XML}",
	booktitle = "Proceedings of the eleventh international conference on Information and knowledge management",
	series = "CIKM '02",
	year = "2002",
	isbn = "1-58113-492-4",
	location = "McLean, Virginia, USA",
	pages = "446--452",
	numpages = "7",
	url = "http://doi.acm.org/10.1145/584792.584866",
	doi = "http://doi.acm.org/10.1145/584792.584866",
	acmid = "584866",
	publisher = "ACM",
	address = "New York, NY, USA",
	keywords = "XML, constraints, finite state machine, key validation"
}

@Article{ Liu:2005,
	title = "{Validating key constraints over XML document using XPath and structure checking}",
	journal = "Future Generation Computer Systems",
	volume = "21",
	number = "4",
	pages = "583--595",
	year = "2005",
	note = "High-Speed Networks and Services for Data-Intensive Grids: the DataTAG Project",
	issn = "0167-739X",
	doi = "DOI: 10.1016/j.future.2004.12.001",
	author = "Yunfeng Liu and Dongqing Yang and Shiwei Tang and Tengjiao Wang and Jun Gao",
	keywords = "XML",
	keywords1 = "Schema",
	keywords2 = "Key constraint",
	keywords3 = "XPath",
	keywords4 = "Incremental validation"
}

@InCollection{ Liu:2004,
	author = "Yunfeng Liu and Dongqing Yang and Shiwei Tang and Tengjiao Wang and Jun Gao",
	affiliation = "School of Electronics Engineering and Computer Science Peking University, Beijing China",
	title = "{Extracting Key Value and Checking Structural Constraints for Validating XML Key Constraints}",
	booktitle = "Advances inWeb-Age Information Management",
	series = "Lecture Notes in Computer Science",
	editor = "Qing Li and Guoren Wang and Ling Feng",
	publisher = "Springer Berlin / Heidelberg",
	isbn = "",
	pages = "399--408",
	volume = "3129",
	url = "http://dx.doi.org/10.1007/978-3-540-27772-9_40",
	note = "10.1007/978-3-540-27772-9\_40",
	year = "2004"
}

@Proceedings{ DBLP:conf/webdb/2003,
	editor = "Vassilis Christophides and Juliana Freire",
	title = "International Workshop on Web and Databases, San Diego, California, June 12-13, 2003",
	booktitle = "WebDB",
	year = "2003",
	bibsource = "DBLP, http://dblp.uni-trier.de"
}

@InCollection{ Abrao:2004,
	author = "Maria Adriana Abr{\~a}o and B{\'e}atrice Bouchou and M{\'i}rian Halfeld Ferrari and Dominique Laurent and Martin A. Musicante",
	affiliation = "Universit{\'e} Fran\c{c}ois Rabelais - LI/Antenne de Blois, France, , ",
	title = "{Incremental Constraint Checking for XML Documents}",
	booktitle = "Database and XML Technologies",
	series = "Lecture Notes in Computer Science",
	editor = "Zohra Bellahs{\`e}ne and Tova Milo and Michael Rys and Dan Suciu and Rainer Unland",
	publisher = "Springer Berlin / Heidelberg",
	isbn = "",
	pages = "358--379",
	volume = "3186",
	url = "http://dx.doi.org/10.1007/978-3-540-30081-6_9",
	note = "10.1007/978-3-540-30081-6\_9",
	year = "2004"
}

@Misc{ MSXML,
	author = "{Microsoft XML Parser 3.0}",
	howpublished = "\url{http://msdn.microsoft.com}",
	year = "2010",
	note = "Extra{\'i}do el 28 de Agosto de 2010"
}

@Misc{ XMLSchVal:1,
	author = "{XML Schema Validator}",
	howpublished = "\url{http://schneegans.de/sv/}",
	year = "2010",
	note = "Extra{\'i}do el 15 de Septiembre de 2010"
}

@Book{ Maier:1983,
	author = "David Maier",
	title = "{The Theory of Relational Databases (Online book)}",
	year = "1983",
	publisher = "\url{http://web.cecs.pdx.edu/~maier/TheoryBook/TRD.html}"
}

@Book{ Rumbaugh:1991,
	author = "James Rumbaugh and Michael Blaha and William Premerlani and Frederick Eddy and William Lorensen",
	title = "{Object-oriented modeling and design}",
	year = "1991",
	isbn = "0-13-629841-9",
	publisher = "Prentice-Hall, Inc.",
	address = "Upper Saddle River, NJ, USA"
}

@Book{ Schach:2006,
	author = "Stephen R. Schach",
	title = "{Object-Oriented and Classical Software Engineering}",
	year = "2007",
	isbn = "0073191264, 9780073191263",
	edition = "7",
	publisher = "McGraw-Hill, Inc.",
	address = "New York, NY, USA"
}

@Book{ Aho:1974,
	author = "Alfred V. Aho and John E. Hopcroft",
	title = "{The Design and Analysis of Computer Algorithms}",
	year = "1974",
	isbn = "0201000296",
	edition = "1st",
	publisher = "Addison-Wesley Longman Publishing Co., Inc.",
	address = "Boston, MA, USA"
}

@Book{ Aho:1983,
	author = "Alfred V. Aho and Jeffrey D. Ullman and John E. Hopcroft",
	title = "{Data structures and algorithms}",
	isbn = "0201000237",
	publisher = "Addison-Wesley, Reading, Mass.",
	pages = "427",
	year = "1983",
	language = "English",
	subjects = "Data structures (Computer science); Computer algorithms."
}

@InProceedings{ Gottlob:1987,
	author = "G. Gottlob",
	title = "{Computing covers for embedded functional dependencies}",
	booktitle = "Proceedings of the sixth ACM SIGACT-SIGMOD-SIGART symposium on Principles of database systems",
	series = "PODS '87",
	year = "1987",
	isbn = "0-89791-223-3",
	location = "San Diego, California, United States",
	pages = "58--69",
	numpages = "12",
	url = "http://doi.acm.org/10.1145/28659.28665",
	doi = "http://doi.acm.org/10.1145/28659.28665",
	acmid = "28665",
	publisher = "ACM",
	address = "New York, NY, USA"
}

@Article{ Benedikt:2009,
	author = "Michael Benedikt and Christoph Koch",
	title = "{XPath leashed}",
	journal = "ACM Comput. Surv.",
	volume = "41",
	issue = "1",
	month = "January",
	year = "2009",
	issn = "0360-0300",
	pages = "3:1--3:54",
	articleno = "3",
	numpages = "54",
	url = "http://doi.acm.org/10.1145/1456650.1456653",
	doi = "http://doi.acm.org/10.1145/1456650.1456653",
	acmid = "1456653",
	publisher = "ACM",
	address = "New York, NY, USA",
	keywords = "XML, XPath"
}

@Article{ Arenas:2008,
	author = "Marcelo Arenas and Leonid Libkin",
	title = "{XML data exchange: Consistency and query answering}",
	journal = "J. ACM",
	volume = "55",
	issue = "2",
	month = "May",
	year = "2008",
	issn = "0004-5411",
	pages = "7:1--7:72",
	articleno = "7",
	numpages = "72",
	url = "http://doi.acm.org/10.1145/1346330.1346332",
	doi = "http://doi.acm.org/10.1145/1346330.1346332",
	acmid = "1346332",
	publisher = "ACM",
	address = "New York, NY, USA",
	keywords = "Data exchange, XML, computing certain answers, consistency"
}

@InProceedings{ Nierman:2002,
	author = "Andrew Nierman and H. V. Jagadish",
	title = "{Evaluating Structural Similarity in XML Documents}",
	booktitle = "WebDB",
	year = "2002",
	pages = "61--66",
	ee = "http://www.db.ucsd.edu/webdb2002/papers/44.pdf",
	bibsource = "DBLP, http://dblp.uni-trier.de"
}

@InProceedings{ Qureshi:2005,
	author = "Mustafa H. Qureshi and M. H. Samadzadeh",
	title = "{Determining the Complexity of XML Documents}",
	booktitle = "Proceedings of the International Conference on Information Technology: Coding and Computing (ITCC'05) - Volume II - Volume 02",
	series = "ITCC '05",
	year = "2005",
	isbn = "0-7695-2315-3",
	pages = "416--421",
	numpages = "6",
	url = "http://dx.doi.org/10.1109/ITCC.2005.126",
	doi = "http://dx.doi.org/10.1109/ITCC.2005.126",
	acmid = "1059230",
	publisher = "IEEE Computer Society",
	address = "Washington, DC, USA"
}

@Misc{ SAX,
	author = "David Megginson",
	title = "{Simple API for XML (SAX)}",
	howpublished = "\url{http://sax.sourceforge.net/about.html}",
	year = "2004",
	note = "Extra{\'i}do el 18 de Octubre de 2010"
}

@Misc{ Repository,
	author = "Dan Suciu",
	title = "{XML Data Repository, University of Washington}",
	howpublished = "\url{http://www.cs.washington.edu/research/xmldatasets/www/repository.html}",
	year = "2002",
	note = "Extra{\'i}do el 10 de Diciembre de 2010"
}

@Article{ Davidson:2007,
	author = "Susan Davidson and Wenfei Fan and Carmem Hara",
	title = "{Propagating XML constraints to relations}",
	journal = "J. Comput. Syst. Sci.",
	volume = "73",
	issue = "3",
	month = "May",
	year = "2007",
	issn = "0022-0000",
	pages = "316--361",
	numpages = "46",
	url = "http://portal.acm.org/citation.cfm?id=1223810.1223864",
	doi = "10.1016/j.jcss.2006.10.022",
	acmid = "1223864",
	publisher = "Academic Press, Inc.",
	address = "Orlando, FL, USA",
	keywords = "Functional dependencies, Integrity constraints, XML, XML keys"
}

@Article{ Davidson:2008,
	author = "Susan Davidson and Wenfei Fan and Carmem Hara",
	title = {Erratum: Erratum to "Propagating XML constraints to relations" [J. Comput. System Sci. 73 (2007) 316--361]},
	journal = "J. Comput. Syst. Sci.",
	volume = "74",
	month = "May",
	year = "2008",
	issn = "0022-0000",
	pages = "404--405",
	url = "http://portal.acm.org/citation.cfm?id=1332131.1332249",
	doi = "10.1016/j.jcss.2007.09.002",
	publisher = "Academic Press, Inc.",
	address = "Orlando, FL, USA",
	acmid = "1332249",
	issue = "3",
	numpages = "2"
}

@InProceedings{ Benedikt:2003,
	author = "Michael Benedikt and Chee-Yong Chan and Wenfei Fan and Juliana Freire and Rajeev Rastogi",
	title = "{Capturing both types and constraints in data integration}",
	booktitle = "Proceedings of the 2003 ACM SIGMOD international conference on Management of data",
	series = "SIGMOD '03",
	year = "2003",
	isbn = "1-58113-634-X",
	location = "San Diego, California",
	pages = "277--288",
	numpages = "12",
	url = "http://doi.acm.org/10.1145/872757.872792",
	doi = "http://doi.acm.org/10.1145/872757.872792",
	acmid = "872792",
	publisher = "ACM",
	address = "New York, NY, USA"
}

@InProceedings{ Fan:2000,
	author = "Wenfei Fan and J{\'e}r{\^o}me Sim{\'e}on",
	title = "{Integrity constraints for XML}",
	booktitle = "Proceedings of the nineteenth ACM SIGMOD-SIGACT-SIGART symposium on Principles of database systems",
	series = "PODS '00",
	year = "2000",
	isbn = "1-58113-214-X",
	location = "Dallas, Texas, United States",
	pages = "23--34",
	numpages = "12",
	url = "http://doi.acm.org/10.1145/335168.335172",
	doi = "http://doi.acm.org/10.1145/335168.335172",
	acmid = "335172",
	publisher = "ACM",
	address = "New York, NY, USA"
}

@Book{ Ramakrishnan:2002,
	author = "Raghu Ramakrishnan and Johannes Gehrke",
	title = "{Database Management Systems}",
	edition = "3",
	howpublished = "Hardcover",
	isbn = "0072465638",
	publisher = "McGraw-Hill Science/Engineering/Math",
	year = "2002"
}

@InProceedings{ Fagin:1984,
	author = "Ronald Fagin and Moshe Y. Vardi",
	title = "{The Theory of Data Dependencies - An Overview}",
	booktitle = "Proceedings of the 11th Colloquium on Automata, Languages and Programming",
	year = "1984",
	isbn = "3-540-13345-3",
	pages = "1--22",
	numpages = "22",
	url = "http://portal.acm.org/citation.cfm?id=646238.683349",
	acmid = "683349",
	publisher = "Springer-Verlag",
	address = "London, UK"
}

@Book{ Thalheim:1991,
	author = "B. Thalheim",
	title = "{Dependencies in Relational Databases}",
	year = "1991",
	isbn = "3815420202",
	publisher = "Teubner"
}

@Article{ Boehm:1986,
	author = "B Boehm",
	title = "{A spiral model of software development and enhancement}",
	journal = "SIGSOFT Softw. Eng. Notes",
	volume = "11",
	issue = "4",
	month = "August",
	year = "1986",
	issn = "0163-5948",
	pages = "14--24",
	numpages = "11",
	url = "http://doi.acm.org/10.1145/12944.12948",
	doi = "http://doi.acm.org/10.1145/12944.12948",
	acmid = "12948",
	publisher = "ACM",
	address = "New York, NY, USA"
}

@Article{ Benedikt:2005,
	author = "Michael Benedikt and Wenfei Fan and Gabriel Kuper",
	title = "{Structural properties of XPath fragments}",
	journal = "Theor. Comput. Sci.",
	volume = "336",
	issue = "1",
	month = "May",
	year = "2005",
	issn = "0304-3975",
	pages = "3--31",
	numpages = "29",
	url = "http://portal.acm.org/citation.cfm?id=1085304.1085306",
	doi = "10.1016/j.tcs.2004.10.030",
	acmid = "1085306",
	publisher = "Elsevier Science Publishers Ltd.",
	address = "Essex, UK",
	keywords = "XML, XPath, axiom system, closure property, logic, tree pattern"
}

@Article{ Deutsch:2005,
	author = "Alin Deutsch and Val Tannen",
	title = "{XML Queries and constraints, containment and reformulation}",
	journal = "Theor. Comput. Sci.",
	volume = "336",
	issue = "1",
	month = "May",
	year = "2005",
	issn = "0304-3975",
	pages = "57--87",
	numpages = "31",
	url = "http://portal.acm.org/citation.cfm?id=1085304.1085308",
	doi = "10.1016/j.tcs.2004.10.032",
	acmid = "1085308",
	publisher = "Elsevier Science Publishers Ltd.",
	address = "Essex, UK"
}

@Article{ Miklau:2004,
	author = "Gerome Miklau and Dan Suciu",
	title = "{Containment and equivalence for a fragment of XPath}",
	journal = "J. ACM",
	volume = "51",
	issue = "1",
	month = "January",
	year = "2004",
	issn = "0004-5411",
	pages = "2--45",
	numpages = "44",
	url = "http://doi.acm.org/10.1145/962446.962448",
	doi = "http://doi.acm.org/10.1145/962446.962448",
	acmid = "962448",
	publisher = "ACM",
	address = "New York, NY, USA",
	keywords = "Tree pattern matching, XPath expressions, query containment, query equivalence"
}

@InProceedings{ Neven:2006,
	author = "Frank Neven and Thomas Schwentick",
	title = "{On the complexity of XPath containment in the presence of disjunction, DTDs, and variables}",
	booktitle = "Logical Methods in Computer Science",
	year = "2006",
	pages = "2006"
}

@InProceedings{ Wood:2003,
	author = "Peter T. Wood",
	title = "{Containment for XPath Fragments under DTD Constraints}",
	booktitle = "Proceedings of the 9th International Conference on Database Theory",
	series = "ICDT '03",
	year = "2002",
	isbn = "3-540-00323-1",
	pages = "300--314",
	numpages = "15",
	url = "http://portal.acm.org/citation.cfm?id=645505.656434",
	acmid = "656434",
	publisher = "Springer-Verlag",
	address = "London, UK"
}

@Proceedings{ DBLP:conf/icdt/2007,
	editor = "Thomas Schwentick and Dan Suciu",
	title = "{Database Theory - ICDT 2007, 11th International Conference, Barcelona, Spain, January 10-12, 2007, Proceedings}",
	booktitle = "ICDT",
	publisher = "Springer",
	series = "Lecture Notes in Computer Science",
	volume = "4353",
	year = "2007",
	isbn = "3-540-69269-X",
	bibsource = "DBLP, http://dblp.uni-trier.de"
}

@Article{ Gottlob:2005,
	author = "Georg Gottlob and Christoph Koch and Reinhard Pichler",
	title = "{Efficient algorithms for processing XPath queries}",
	journal = "ACM Trans. Database Syst.",
	volume = "30",
	number = "2",
	year = "2005",
	pages = "444--491",
	ee = "http://doi.acm.org/10.1145/1071610.1071614",
	bibsource = "DBLP, http://dblp.uni-trier.de"
}

@TechReport{ MONDIAL:1999,
	author = "Wolfgang May",
	title = "{Information Extraction and Integration with \textsc{Florid}: The \textsc{Mondial} Case Study}",
	institution = {Universit{\"a}t Freiburg, Institut f{\"u}r Informatik},
	year = "1999",
	number = "131",
	note = "Available from \url{http://dbis.informatik.uni-goettingen.de/Mondial}"
}

@Book{ Garey:1990,
	author = "Michael R. Garey and David S. Johnson",
	title = "{Computers and Intractability; A Guide to the Theory of NP-Completeness}",
	year = "1990",
	isbn = "0716710455",
	publisher = "W. H. Freeman \& Co.",
	address = "New York, NY, USA"
}

@Book{ Garey:1979,
	author = "Michael R. Garey and David S. Johnson",
	title = "{Computers and Intractability: A Guide to the Theory of NP-Completeness}",
	year = "1979",
	isbn = "0716710447",
	publisher = "W. H. Freeman \& Co.",
	address = "New York, NY, USA"
}

@Article{ Campbell:1991,
	author = "Douglas M. Campbell and David Radford",
	title = "{Tree Isomorphism Algorithms: Speed vs. Clarity}",
	journal = "Mathematics Magazine",
	volume = "64",
	number = "4",
	year = "1991",
	pages = "252--261 ",
	ee = "http://www.jstor.org/stable/2690833"
}

@InProceedings{ Lee:2002,
	author = "Dongwon Lee and Murali Mani and Frank Chiu and Wesley W. Chu",
	title = "{NeT and CoT: Translating Relational Schemas to XML Schemas using Semantic Constraints}",
	booktitle = "In: ACM International Conference on Information and Knowledge Management",
	year = "2002",
	pages = "282--291"
}

@Article{ Alon:2003,
	author = "Noga Alon and Tova Milo and Frank Neven and Dan Suciu and Victor Vianu",
	title = "{Typechecking XML views of relational databases}",
	journal = "ACM Trans. Comput. Logic",
	volume = "4",
	issue = "3",
	month = "July",
	year = "2003",
	issn = "1529-3785",
	pages = "315--354",
	numpages = "40",
	url = "http://doi.acm.org/10.1145/772062.772065",
	doi = "http://doi.acm.org/10.1145/772062.772065",
	acmid = "772065",
	publisher = "ACM",
	address = "New York, NY, USA",
	keywords = "Complexity, XML, logic, relational databases, typechecking"
}

@InProceedings{ Alon:2001,
	author = "Noga Alon and Tova Milo and Frank Neven and Dan Suciu and Victor Vianu",
	title = "{XML with data values: typechecking revisited}",
	booktitle = "Proceedings of the twentieth ACM SIGMOD-SIGACT-SIGART symposium on Principles of database systems",
	series = "PODS '01",
	year = "2001",
	isbn = "1-58113-361-8",
	location = "Santa Barbara, California, United States",
	pages = "138--149",
	numpages = "12",
	url = "http://doi.acm.org/10.1145/375551.375570",
	doi = "http://doi.acm.org/10.1145/375551.375570",
	acmid = "375570",
	publisher = "ACM",
	address = "New York, NY, USA"
}

@Article{ Suciu:2002,
	author = "Dan Suciu",
	title = "{The XML typechecking problem}",
	journal = "SIGMOD Rec.",
	volume = "31",
	issue = "1",
	month = "March",
	year = "2002",
	issn = "0163-5808",
	pages = "89--96",
	numpages = "8",
	url = "http://doi.acm.org/10.1145/507338.507360",
	doi = "http://doi.acm.org/10.1145/507338.507360",
	acmid = "507360",
	publisher = "ACM",
	address = "New York, NY, USA"
}

@InProceedings{ Arenas:2002,
	author = "Marcelo Arenas and Wenfei Fan and Leonid Libkin",
	title = "{What's Hard about XML Schema Constraints?}",
	booktitle = "Proceedings of the 13th International Conference on Database and Expert Systems Applications",
	series = "DEXA '02",
	year = "2002",
	isbn = "3-540-44126-3",
	pages = "269--278",
	numpages = "10",
	url = "http://portal.acm.org/citation.cfm?id=648315.756182",
	acmid = "756182",
	publisher = "Springer-Verlag",
	address = "London, UK, UK"
}

