% This file was created with JabRef 2.8.
% Encoding: Cp1252

@BOOK{arenas_como_2008,
  title = "C\'omo funciona la web",
  publisher = "Centro de Investigaci\'on de la Web",
  year = "2009",
  author = "Arenas, Marcelo and Baeza-Yates, Ricardo and Guti\'errez, Claudio and
	Hurtado, Carlos and Mar\'in, Mauricio and Navarro, Gonzalo and Piquer,
	Jos\'e and Rodr\'iguez, M. Andrea and Ruiz del Solar, Javier and Velasco,
	Javier",
  edition = "1st",
  note = "Extra\'ido el 21 de Diciembre de 2011"
}

@MISC{bray_extensible_2011,
  author = "Bray, Tim and Maler, Eve and Paoli, Jean and {Sperberg-McQueen},
	Michael and Yergeau, François",
  title = "Extensible Markup Language {(XML)} 1.0 {W3C} Recommendation",
  howpublished = "{http://www.w3.org/TR/xml}",
  year = "2011",
  note = "Extra\'ido el 15 de Enero de 2012",
  url = "http://www.w3.org/TR/xml"
}

@MISC{brickley_foaf_2000,
  author = "Brickley, Dan and Miller, Libby",
  title = "The FOAF Project",
  howpublished = "http://www.foaf-project.com",
  year = "2000",
  note = "Extra\'ido el 5 de Enero de 2012",
  url = "http://www.foaf-project.com"
}

@MISC{carroll_resource_2004,
  author = "Carroll, Jeremy J. and Klyne, Graham",
  title = "Resource Description Framework {RDF:Concepts and Abstract Syntax}",
  howpublished = "http://www.w3.org/TR/rdf-concepts/",
  year = "2004",
  note = "Extra\'ido el 2 de Febrero de 2012",
  url = "http://www.w3.org/TR/rdf-concepts/"
}

@MISC{chapman_browser_2007,
  author = "Chapman, Jeff",
  title = "Browser Launcher",
  year = "2007",
  note = "Extra\'ido el 22 de Diciembre de 2011",
  url = "http://browserlaunch2.sourceforge.net"
}

@MISC{cook_oauth_2007,
  author = {Cook, Blaine and Messina, Chris},
  title = {{OAuth}},
  howpublished = {http://oauth.net},
  year = {2007},
  note = {Extra\'ido el 14 de Enero de 2012},
  url = {http://oauth.net}
}

@MISC{daie_estado_2011,
  author = {Daie, Rodrigo},
  title = {Estado de Internet en Chile},
  month = jul,
  year = {2011},
  note = {Extra\'idoo el 18 de Enero de 2012},
  url = {http://www2.comscore.com/1/1552/reSOIChileJuly2011-Spanish-pdf/2y68r9}
}

@BOOK{dalton_relaciones_2007,
  title = {Relaciones Humanas},
  publisher = {{CENGAGE} {UNIVERSITARIO}},
  year = {2007},
  author = {Dalton, Marie},
  edition = {3rd},
  note = {Extra\'ido el 4 de Enero de 2012}
}

@ARTICLE{dice_measures_1945,
  author = {Dice, Lee R},
  title = {Measures of the Amount of Ecologic Association Between Species},
  journal = {Ecology},
  year = {1945},
  volume = {26},
  pages = {297--302},
  number = {3},
  note = {Extra\'ido el 10 de Enero de 2012}
}

@MISC{facebook_core_2011,
  author = {Facebook},
  title = {Core Concepts},
  howpublished = {http://developers.facebook.com/docs/},
  year = {2011},
  note = {Extra\'ido el 21 de Diciembre de 2011},
  url = {http://developers.facebook.com/docs/}
}

@ARTICLE{galvez_approximate_2007,
  author = {Galvez, Carmen and {Moya-Aneg\'on}, F\'elix},
  title = {Approximate personal name-matching through finite-state graphs},
  journal = {J. Am. Soc. Inf. Sci. Technol.},
  year = {2007},
  volume = {58},
  pages = {1960--1976},
  number = {13},
  month = nov,
  note = {Extra\'ido el 5 de Mayo de 2012},
  doi = {10.1002/asi.v58:13},
  issn = {1532-2882},
  keywords = {authors, equivalence relationships, orthography, personal names, similarity},
  url = {http://dx.doi.org/10.1002/asi.v58:13}
}

@INPROCEEDINGS{golbeck_linking_2008,
  author = {Golbeck, Jennifer and Rothstein, Mattew},
  title = {Linking Social Networks on the web with {FOAF:} a semantic web case
	study},
  booktitle = {Proceedings of the 23rd national conference on Artificial intelligence
	- Volume 2},
  year = {2008},
  pages = {1138--1143},
  address = {1620249},
  publisher = {{AAAI} Press},
  note = {Extra\'ido el 5 de Octubre de 2011}
}

@MISC{hunter_jdom_2000,
  author = {Hunter, Jason and {McLaughlin}, Brett},
  title = {{JDom}},
  year = {2000},
  note = {Extra\'ido el 17 de Diciembre de 2011},
  url = {www.jdom.org}
}

@MISC{intelligenx_censo_2011,
  author = {Intelligenx},
  title = {Censo Twitter},
  howpublished = {http://www.censotwitter.com},
  year = {2011},
  note = {Extra\'ido el 14 de Enero de 2012},
  url = {http://www.censotwitter.com}
}

@ARTICLE{jaaksi_object-oriented_1998,
  author = {Jaaksi, Ari},
  title = {A Method for Your First Object-Oriented Project},
  journal = {JOOP},
  year = {1998},
  volume = {10},
  pages = {17-25},
  number = {8},
  note = {Extra\'ido el 6 de Abril de 2012},
 
}

@ARTICLE{jaro_probabilistic_1995,
  author = {Jaro, Matthew A.},
  title = {Probabilistic linkage of large public health data files},
  journal = {Statistics in Medicine},
  year = {1995},
  volume = {14},
  pages = {491--498},
  number = {5-7},
  note = {Extra\'ido el 22 de Enero de 2012}
}

@ARTICLE{jaro_advances_1989,
  author = {Jaro, Matthew A.},
  title = {Advances in record linkage methodology as applied to the 1985 census
	of Tampa Florida},
  journal = {Journal of the American Statistical Society},
  year = {1989},
  volume = {84},
  pages = {414--20},
  number = {406},
  note = {Extra\'ido el 3 de Marzo de 2012}
}

@MISC{mundy_give_2008,
  author = {Mundy, Owen},
  title = {Give me my data},
  howpublished = {http://givememydata.com/},
  year = {2008},
  note = {Extra\'ido el 20 de Febrero de 2012},
  url = {http://givememydata.com/}
}

@BOOK{murphy_facebook_2012,
  title = "Facebook {IPO} Fling Flings Open the Social Network Kimono",
  year = "2012",
  author = "Murphy, Samantha",
  month = feb,
  note = "Extra\'ido el 4 de Febrero de 2012",
  url = "http://www.mashable.com/2012/02/01/Facebook-ipo-detail/"
}

@MISC{ortiz_validador_2011,
  author = "Ortiz, Sebastián",
  title = "Validador {XML}",
  year = "2011",
  note = "Extra\'ido el 15 de Enero de 2012",
  url = "http://sebaortizlira.wordpress.com/2011/11/20/validar-xml-a-traves-de-un-xsd-en-java/"
}

@MISC{rice_string_2011,
  author = "Rice, Ralph",
  title = "String Similarity Library",
  year = "2011",
  note = "Extra\'ido el 15 de Enero de 2012",
  url = "http://code.google.com/p/string-similarity/"
}

@MISC{rowe_facebook_2011,
  author = "Rowe, Matthew",
  title = "Facebook {FOAF} Generator Redux",
  year = "2011",
  note = "Extra\'ido el 20 de Enero de 2012",
  url = "http://www.matthew-rowe.com/FoafGeneratorRedux"
}

@MISC{shrestha_facebook_2011,
  author = "Shrestha, Prabir and Totten, Nathan and Zimmerman, Jim",
  title = "Facebook C\# {SDK}",
  year = "2011",
  note = "Extra\'ido el 20 de Diciembre de 2011",
  url = "http://www.csharpsdk.org"
}

@ARTICLE{sorensen_method_1957,
  author = "Sorensen, T",
  title = "A method of establishing groups of equal amplitude in plant sociology
	based on similarity of species and its application to analyses of
	the vegetation on Danish commons",
  journal = "Biologiske Skrifter / Kongelige Danske Videnskabernes Selskab",
  year = "1957",
  volume = "5",
  pages = "1--34",
  number = "4",
  note = "Extra\'ido el 22 de Enero de 2012"
}

@MISC{twdocs_twdocs_2009,
  author = "{twDocs}",
  title = "{TwDocs}",
  year = "2009",
  note = "Extra\'ido el 21 de Febrero de 2012"
}

@ARTICLE{winkler_string_1990,
  author = "Winkler, William",
  title = "String Comparator Metrics and Enhanced Decision Rules in the {Fellegi-Sunter}
	Model of Record Linkage",
  journal = "Proceedings of the Section on Survey Research Methods {(American
	Statistical Association)}",
  year = "1990",
  pages = "354--359",
  note = "Extra\'ido el 10 de Enero de 2012"
}

@MISC{yamamoto_twitter4j_2009,
  author = "Yamamoto, Yusuke",
  title = "{Twitter4J}",
  year = "2009",
  note = "Extra\'ido el 27 de Diciembre de 2011",
  abstract = "An unofficial Java library for the Twitter {API}",
  url = "http://www.twitter4j.org"
}

