
@article{bianco_evaluating_2007,
	title = {Evaluating a service-oriented architecture},
	url = {http://resources.sei.cmu.edu/library/asset-view.cfm?AssetID=8443},
	urldate = {2014-06-26},
	journal = {Software Engineering Institute, Carnegie Mellon University},
	author = {Bianco, Philip and Kotermanski, Rick and Merson, Paulo F},
	year = {2007}
}

@incollection{guinard_search_2012,
	title = {In search of an internet of things service architecture: {REST} or {WS}-*? A developers’ perspective},
	booktitle = {Mobile and Ubiquitous Systems: Computing, Networking, and Services},
	publisher = {Springer},
	author = {Guinard, Dominique and Ion, Iulia and Mayer, Simon},
	year = {2012},
	pages = {326–337}
}

@misc{csardi_igraph_2006,
	title = {The igraph software package for complex network research},
	author = {Csárdi, Gábor and Nepusz, Tamás},
	year = {2006}
}

@article{blondel_fast_2008,
	title = {Fast unfolding of communities in large networks},
	volume = {2008},
	number = {10},
	journal = {Journal of Statistical Mechanics: Theory and Experiment},
	author = {Blondel, Vincent D and Guillaume, Jean-Loup and Lambiotte, Renaud and Lefebvre, Etienne},
	year = {2008},
	pages = {P10008}
}

@article{newman_finding_2006,
	title = {Finding community structure in networks using the eigenvectors of matrices},
	volume = {74},
	number = {3},
	journal = {Physical review E},
	author = {Newman, Mark EJ},
	year = {2006},
	pages = {036104}
}

@article{raghavan_near_2007,
	title = {Near linear time algorithm to detect community structures in large-scale networks},
	volume = {76},
	number = {3},
	journal = {Physical Review E},
	author = {Raghavan, Usha Nandini and Albert, Réka and Kumara, Soundar},
	year = {2007},
	pages = {036106}
}

@article{rosvall_maps_2008,
	title = {Maps of random walks on complex networks reveal community structure},
	volume = {105},
	number = {4},
	journal = {Proceedings of the National Academy of Sciences},
	author = {Rosvall, Martin and Bergstrom, Carl T},
	year = {2008},
	pages = {1118–1123}
}

@article{traag_community_2009,
	title = {Community detection in networks with positive and negative links},
	volume = {80},
	number = {3},
	journal = {Physical Review E},
	author = {Traag, VA and Bruggeman, Jeroen},
	year = {2009},
	pages = {036115}
}

@article{zachary_information_1977,
	title = {An information flow model for conflict and fission in small groups},
	journal = {Journal of anthropological research},
	author = {Zachary, Wayne W},
	year = {1977},
	pages = {452–473}
}

@book{andersen_what_2007,
	title = {What is Web 2.0?: ideas, technologies and implications for education},
	volume = {1},
	number = {1},
	publisher = {{JISC} Bristol, {UK}},
	author = {Andersen, Per},
	year = {2007}
}

@inproceedings{padula_managing_2009,
	title = {Managing collective knowledge in the web 3.0},
	booktitle = {Evolving Internet, 2009. {INTERNET}'09. First International Conference on},
	publisher = {{IEEE}},
	author = {Padula, Marco and Reggiori, Amanda and Capetti, Giovanna},
	year = {2009},
	pages = {33–38}
}

@article{arab_community_2014,
	title = {Community detection in social networks using hybrid merging of sub-communities},
	volume = {40},
	journal = {Journal of Network and Computer Applications},
	author = {Arab, Mohsen and Afsharchi, Mohsen},
	year = {2014},
	pages = {73–84}
}

@incollection{brambilla_notation_2011,
	title = {A notation for supporting social business process modeling},
	booktitle = {Business Process Model and Notation},
	publisher = {Springer},
	author = {Brambilla, Marco and Fraternali, Piero and Vaca, Carmen},
	year = {2011},
	pages = {88–102}
}

@incollection{adomavicius_context-aware_2011,
	title = {Context-aware recommender systems},
	booktitle = {Recommender systems handbook},
	publisher = {Springer},
	author = {Adomavicius, Gediminas and Tuzhilin, Alexander},
	year = {2011},
	pages = {217–253}
}

@incollection{victor_trust_2011,
	title = {Trust and recommendations},
	booktitle = {Recommender systems handbook},
	publisher = {Springer},
	author = {Victor, Patricia and De Cock, Martine and Cornelis, Chris},
	year = {2011},
	pages = {645–675}
}

@inproceedings{symeonidis_geo-social_2011,
	title = {Geo-social recommendations based on incremental tensor reduction and local path traversal},
	booktitle = {Proceedings of the 3rd {ACM} {SIGSPATIAL} International Workshop on Location-Based Social Networks},
	publisher = {{ACM}},
	author = {Symeonidis, Panagiotis and Papadimitriou, Alexis and Manolopoulos, Yannis and Senkul, Pinar and Toroslu, Ismail},
	year = {2011},
	pages = {89–96}
}

@inproceedings{tareen_synergy:_2010,
	title = {Synergy: A Workbench for Collaborative Filtering Algorithms on User Interaction Data},
	url = {http://ids.snu.ac.kr/w/images/8/8f/UDISW2010.pdf},
	booktitle = {International Workshop on User Data Interoperability in the Social Web},
	author = {Tareen, Babar K. and Lee, Jae-won and Lee, Sang-goo},
	month = feb,
	year = {2010}
}

@inproceedings{ekstrand_rethinking_2011,
	title = {Rethinking the recommender research ecosystem: reproducibility, openness, and {LensKit}},
	booktitle = {Proceedings of the fifth {ACM} conference on Recommender systems},
	publisher = {{ACM}},
	author = {Ekstrand, Michael D and Ludwig, Michael and Konstan, Joseph A and Riedl, John T},
	year = {2011},
	pages = {133–140}
}

@inproceedings{du_community_2007,
	title = {Community detection in large-scale social networks},
	booktitle = {Proceedings of the 9th {WebKDD} and 1st {SNA}-{KDD} 2007 workshop on Web mining and social network analysis},
	publisher = {{ACM}},
	author = {Du, Nan and Wu, Bin and Pei, Xin and Wang, Bai and Xu, Liutong},
	year = {2007},
	pages = {16–25}
}

@incollection{plantie_survey_2013,
	title = {Survey on social community detection},
	booktitle = {Social Media Retrieval},
	publisher = {Springer},
	author = {Plantié, Michel and Crampes, Michel},
	year = {2013},
	pages = {65–85}
}

@inproceedings{lin_blog_2007,
	title = {Blog community discovery and evolution based on mutual awareness expansion},
	booktitle = {Proceedings of the {IEEE}/{WIC}/{ACM} international conference on web intelligence},
	publisher = {{IEEE} Computer Society},
	author = {Lin, Yu-Ru and Sundaram, Hari and Chi, Yun and Tatemura, Junichi and Tseng, Belle L},
	year = {2007},
	pages = {48–56}
}

@inproceedings{schlitter_mining_2009,
	title = {Mining the dynamics of music preferences from a social networking site},
	booktitle = {Social Network Analysis and Mining, 2009. {ASONAM}'09. International Conference on Advances in},
	publisher = {{IEEE}},
	author = {Schlitter, Nico and Falkowski, Tanja},
	year = {2009},
	pages = {243–248}
}

@article{palla_quantifying_2007,
	title = {Quantifying social group evolution},
	volume = {446},
	number = {7136},
	journal = {Nature},
	author = {Palla, Gergely and Barabási, Albert-László and Vicsek, Tamás},
	year = {2007},
	pages = {664–667}
}

@inproceedings{simpson_clustering_2008,
	title = {Clustering Tags in Enterprise and Web Folksonomies.},
	booktitle = {{ICWSM}},
	author = {Simpson, Edwin},
	year = {2008}
}

@article{papadopoulos_leveraging_2009,
	title = {Leveraging collective intelligence through community detection in tag networks},
	journal = {{CKCaR}, September},
	author = {Papadopoulos, Symeon and Kompatsiaris, Yiannis and Vakali, Athena},
	year = {2009}
}

@book{wasserman_social_1994,
	title = {Social network analysis: Methods and applications},
	volume = {8},
	publisher = {Cambridge university press},
	author = {Wasserman, Stanley},
	year = {1994}
}

@article{tang_community_2010,
	title = {Community detection and mining in social media},
	volume = {2},
	number = {1},
	journal = {Synthesis Lectures on Data Mining and Knowledge Discovery},
	author = {Tang, Lei and Liu, Huan},
	year = {2010},
	pages = {1–137}
}

@misc{smith_by_2014,
	title = {By the Numbers: 125 Amazing Facebook User Statistics},
	url = {http://expandedramblings.com/index.php/by-the-numbers-17-amazing-facebook-stats/},
	journal = {Digital Marketing Ramblings},
	author = {Smith, Craig},
	month = jul,
	year = {2014}
}

@misc{kerr_twitter_2012,
	title = {Twitter data shows trending topics tend to change rapidly},
	url = {http://www.cnet.com/news/twitter-data-shows-trending-topics-tend-to-change-rapidly/},
	journal = {{CNET}},
	author = {Kerr, Dara},
	month = jul,
	year = {2012}
}

@article{chakrabarti_graph_2006,
	title = {Graph mining: Laws, generators, and algorithms},
	volume = {38},
	issn = {0360-0300},
	doi = {http://doi.acm.org/http://doi.acm.org/10.1145/1132952.1132954},
	number = {1},
	journal = {{ACM} Comput. Surv.},
	author = {Chakrabarti, , Deepayan and Faloutsos, , Christos},
	year = {2006},
	pages = {2}
}

@book{hechter_principles_1988,
	title = {Principles of group solidarity},
	volume = {11},
	publisher = {Univ of California Press},
	author = {Hechter, Michael},
	year = {1988}
}

@inproceedings{gibson_discovering_2005,
	title = {Discovering large dense subgraphs in massive graphs},
	booktitle = {Proceedings of the 31st international conference on Very large data bases},
	publisher = {{VLDB} Endowment},
	author = {Gibson, David and Kumar, Ravi and Tomkins, Andrew},
	year = {2005},
	pages = {721–732}
}

@inproceedings{dourisboure_extraction_2007,
	title = {Extraction and classification of dense communities in the web},
	booktitle = {Proceedings of the 16th international conference on World Wide Web},
	publisher = {{ACM}},
	author = {Dourisboure, Yon and Geraci, Filippo and Pellegrini, Marco},
	year = {2007},
	pages = {461–470}
}

@inproceedings{andersen_communities_2006,
	title = {Communities from seed sets},
	booktitle = {Proceedings of the 15th international conference on World Wide Web},
	publisher = {{ACM}},
	author = {Andersen, Reid and Lang, Kevin J},
	year = {2006},
	pages = {223–232}
}

@inproceedings{java_detecting_2008,
	title = {Detecting communities via simultaneous clustering of graphs and folksonomies},
	booktitle = {Proceedings of the Tenth Workshop on Web Mining and Web Usage Analysis ({WebKDD})},
	publisher = {{ACM}},
	author = {Java, Akshay and Joshi, Anupam and Finin, Tim},
	year = {2008}
}

@inproceedings{tang_uncoverning_2009,
	title = {Uncoverning groups via heterogeneous interaction analysis},
	booktitle = {Data Mining, 2009. {ICDM}'09. Ninth {IEEE} International Conference on},
	publisher = {{IEEE}},
	author = {Tang, Lei and Wang, Xufei and Liu, Huan},
	year = {2009},
	pages = {503–512}
}

@inproceedings{tang_community_2008,
	title = {Community evolution in dynamic multi-mode networks},
	booktitle = {Proceedings of the 14th {ACM} {SIGKDD} international conference on Knowledge discovery and data mining},
	publisher = {{ACM}},
	author = {Tang, Lei and Liu, Huan and Zhang, Jianping and Nazeri, Zohreh},
	year = {2008},
	pages = {677–685}
}

@misc{ap_number_2013,
	title = {Number of active users at Facebook over the years},
	abstract = {How Facebook has grown: Number of active users at Facebook over the years},
	journal = {Yahoo! News},
	author = {AP},
	month = may,
	year = {2013}
}

@inproceedings{backstrom_wherefore_2007,
	title = {Wherefore art thou r3579x?: anonymized social networks, hidden patterns, and structural steganography},
	booktitle = {Proceedings of the 16th international conference on World Wide Web},
	publisher = {{ACM}},
	author = {Backstrom, Lars and Dwork, Cynthia and Kleinberg, Jon},
	year = {2007},
	pages = {181–190}
}

@article{asur_event-based_2009,
	title = {An event-based framework for characterizing the evolutionary behavior of interaction graphs},
	volume = {3},
	number = {4},
	journal = {{ACM} Transactions on Knowledge Discovery from Data ({TKDD})},
	author = {Asur, Sitaram and Parthasarathy, Srinivasan and Ucar, Duygu},
	year = {2009},
	pages = {16}
}

@article{palla_uncovering_2005,
	title = {Uncovering the overlapping community structure of complex networks in nature and society},
	volume = {435},
	number = {7043},
	journal = {Nature},
	author = {Palla, Gergely and Derényi, Imre and Farkas, Illés and Vicsek, Tamás},
	year = {2005},
	pages = {814–818}
}

@article{tang_identifying_2012,
	title = {Identifying evolving groups in dynamic multimode networks},
	volume = {24},
	number = {1},
	journal = {Knowledge and Data Engineering, {IEEE} Transactions on},
	author = {Tang, Lei and Liu, Huan and Zhang, Jianping},
	year = {2012},
	pages = {72–85}
}

@inproceedings{leskovec_sampling_2006,
	title = {Sampling from large graphs},
	booktitle = {Proceedings of the 12th {ACM} {SIGKDD} international conference on Knowledge discovery and data mining},
	publisher = {{ACM}},
	author = {Leskovec, Jure and Faloutsos, Christos},
	year = {2006},
	pages = {631–636}
}

@inproceedings{hubler_metropolis_2008,
	title = {Metropolis algorithms for representative subgraph sampling},
	booktitle = {Data Mining, 2008. {ICDM}'08. Eighth {IEEE} International Conference on},
	publisher = {{IEEE}},
	author = {Hubler, Christian and Kriegel, H-P and Borgwardt, Karsten and Ghahramani, Zoubin},
	year = {2008},
	pages = {283–292}
}

@inproceedings{maiya_sampling_2010,
	title = {Sampling community structure},
	booktitle = {Proceedings of the 19th international conference on World wide web},
	publisher = {{ACM}},
	author = {Maiya, Arun S and Berger-Wolf, Tanya Y},
	year = {2010},
	pages = {701–710}
}

@article{burke_hybrid_2002,
	title = {Hybrid recommender systems: Survey and experiments},
	volume = {12},
	number = {4},
	journal = {User modeling and user-adapted interaction},
	author = {Burke, Robin},
	year = {2002},
	pages = {331–370}
}

@article{adomavicius_toward_2005,
	title = {Toward the next generation of recommender systems: A survey of the state-of-the-art and possible extensions},
	volume = {17},
	number = {6},
	journal = {Knowledge and Data Engineering, {IEEE} Transactions on},
	author = {Adomavicius, Gediminas and Tuzhilin, Alexander},
	year = {2005},
	pages = {734–749}
}

@article{zanker_case-studies_2009,
	title = {Case-studies on exploiting explicit customer requirements in recommender systems},
	volume = {19},
	number = {1-2},
	journal = {User Modeling and User-Adapted Interaction},
	author = {Zanker, Markus and Jessenitschnig, Markus},
	year = {2009},
	pages = {133–166}
}

@article{bobadilla_recommender_2013,
	title = {Recommender systems survey},
	volume = {46},
	journal = {Knowledge-Based Systems},
	author = {Bobadilla, Jesús and Ortega, Fernando and Hernando, Antonio and Gutiérrez, Abraham},
	year = {2013},
	pages = {109–132}
}

@article{adomavicius_incorporating_2005,
	title = {Incorporating contextual information in recommender systems using a multidimensional approach},
	volume = {23},
	number = {1},
	journal = {{ACM} Transactions on Information Systems ({TOIS})},
	author = {Adomavicius, Gediminas and Sankaranarayanan, Ramesh and Sen, Shahana and Tuzhilin, Alexander},
	year = {2005},
	pages = {103–145}
}

@inproceedings{yujie_challenges_2010,
	title = {Some challenges for context-aware recommender systems},
	booktitle = {Computer Science and Education ({ICCSE}), 2010 5th International Conference on},
	publisher = {{IEEE}},
	author = {Yujie, Zhang and Licai, Wang},
	year = {2010},
	pages = {362–365}
}

@incollection{leiva-lobos_3-ontology:_2002,
	title = {The 3-ontology: a framework to place cooperative awareness},
	booktitle = {Groupware: Design, Implementation, and Use},
	publisher = {Springer},
	author = {Leiva-Lobos, Edmundo P and Covarrubias, Eliana},
	year = {2002},
	pages = {189–199}
}

@phdthesis{palomino_modelo_2012,
	title = {Modelo extensible para sistemas de recomendación en la Web 2.0},
	school = {Universidad de Santiago de Chile, Departamento de Ingeniería Informática},
	author = {Palomino, Michael},
	year = {2012}
}

@inproceedings{lam_addressing_2008,
	title = {Addressing cold-start problem in recommendation systems},
	booktitle = {Proceedings of the 2nd international conference on Ubiquitous information management and communication},
	publisher = {{ACM}},
	author = {Lam, Xuan Nhat and Vu, Thuc and Le, Trong Duc and Duong, Anh Duc},
	year = {2008},
	pages = {208–211}
}

@phdthesis{vasquez_modelo_2014,
	title = {Modelo de representación de datos para Sistemas de Recomendación},
	school = {Universidad de Santiago de Chile, Departamento de Ingeniería Informática},
	author = {Vásquez, Rodrigo},
	year = {2014}
}

@phdthesis{gonzalez_comparando_2012,
	title = {Comparando la funcionalidad y la usabilidad de dos aplicaciones basado en un proceso de negocios de generación de noticias.},
	school = {Universidad de Santiago de Chile, Departamento de Ingeniería Informática},
	author = {González, Alonso},
	year = {2012}
}

@book{martin_agile_2003,
	title = {Agile software development: principles, patterns, and practices},
	publisher = {Prentice Hall {PTR}},
	author = {Martin, Robert Cecil},
	year = {2003}
}